@ARTICLE{Zhang2017,
  author  = {Zhang, X. and Chen, Z. and Liu Y},
  title   = {The Material Point Method: A Continuum-Based Particle Method for Extreme Loading Cases},
  journal = {Elsevier}, 
  volume  = {1},
  year    = {2017},
  pages   = {}
}

@ARTICLE{Fern2019,
  author  = {Fern, J. and Rohe, A. and Soga, K. and Alonso, E.},
  title   = {The Material Point Method for Geotechnical Engineering: A Practical Guide},
  journal = {CRC Press}, 
  volume  = {},
  year    = {2019},
  pages   = {}
}

@ARTICLE{Bardenhagen2002,
  author  = {Bardenhagen, S. G},
  title   = {Energy conservation error in the material point method for solid mechanics},
  journal = {Journal of Computational Physics}, 
  volume  = {180},
  year    = {2002},
  pages   = {383-403}
}

@ARTICLE{Nguyen2014,
  author  = {Nguyen, V. P.},
  title   = {Material point method: Basics and applications},
  journal = {Technical report. Australia: Monash University}, 
  volume  = {},
  year    = {2014},
  pages   = {}
}
